<?xml version="1.0" encoding="UTF-8"?><collection xmlns="http://www.loc.gov/MARC21/slim"><record><leader>00581nam--2200205-i-4500</leader><controlfield tag="001">000013205</controlfield><controlfield tag="002">20161230</controlfield><controlfield tag="005">20161230201030</controlfield><controlfield tag="008">060222s1000------------r-----000-0-eng-d</controlfield><datafield ind1=" " ind2=" " tag="020"><subfield code="a">0080250289</subfield></datafield><datafield ind1=" " ind2=" " tag="040"><subfield code="a">IFIN-HH</subfield></datafield><datafield ind1=" " ind2=" " tag="080"><subfield code="a">539.16. 539.1.074</subfield></datafield><datafield ind1="1" ind2=" " tag="100"><subfield code="a">Mann, W.B</subfield></datafield><datafield ind1="1" ind2="0" tag="245"><subfield code="a">Radioactivity and its measurement</subfield><subfield code="c">W.b. mann, r.l. ayres, s.b. garfinkel</subfield></datafield><datafield ind1=" " ind2=" " tag="250"><subfield code="a">Second Edition (Si Units)Revised And Expanded</subfield></datafield><datafield ind1=" " ind2=" " tag="260"><subfield code="a">Oxford</subfield><subfield code="b">Pergamon Press</subfield><subfield code="c">1980</subfield></datafield><datafield ind1=" " ind2=" " tag="300"><subfield code="a">IX + 281P</subfield></datafield><datafield ind1="1" ind2=" " tag="700"><subfield code="a">Garfinkel, S.B</subfield></datafield><datafield ind1=" " ind2=" " tag="852"><subfield code="a">47965</subfield><subfield code="c">539.16</subfield></datafield><datafield ind1=" " ind2=" " tag="CAT"><subfield code="a">Sys</subfield><subfield code="c">20120515</subfield><subfield code="h">162249</subfield></datafield></record></collection>